<record xmlns:xsi="http://www.w3.org/2001/XMLSchema-instance" xmlns="http://www.loc.gov/MARC21/slim" xsi:schemaLocation="http://www.loc.gov/MARC21/slim http://www.loc.gov/standards/marcxml/schema/MARC21slim.xsd">

  <leader>00821nam a2200169Ia 4500</leader>
  <controlfield tag="008">160517b2012    cr ||||| |||| 00| | spa d</controlfield>
  <datafield ind2=" " tag="020" ind1=" ">
    <subfield code="a">9789968787130</subfield>
  </datafield>
  <datafield ind1=" " tag="090" ind2=" ">
    <subfield code="a">14.02.03 </subfield>
    <subfield code="b">1444 (2011) CD#231</subfield>
  </datafield>
  <datafield ind1="1" ind2=" " tag="100">
    <subfield code="a">León Zúñiga, Lilliana </subfield>
    <subfield code="9">767</subfield>
  </datafield>
  <datafield tag="245" ind2="0" ind1="1">
    <subfield code="a">Vida y ambiente: cambios y compromisos de las mujeres : VI concurso de mujeres : voces, imágenes y testimonios 2011 / </subfield>
    <subfield code="c">Lilliana León Zúñiga compilación y edición</subfield>
  </datafield>
  <datafield ind1=" " ind2=" " tag="260">
    <subfield code="a">San José, Costa Rica  :  </subfield>
    <subfield code="b">Voces nuestras, </subfield>
    <subfield code="c">2012</subfield>
  </datafield>
  <datafield tag="300" ind2=" " ind1=" ">
    <subfield code="a">202 páginas</subfield>
  </datafield>
  <datafield ind1=" " tag="500" ind2=" ">
    <subfield code="a">El Cd contiene una serie de 10 dramatizaciones para la radio y la web.  Es una adaptación de testimonios que ganaron el derecho a grabación del VI concurso de muejres: voces, imágenes y testimonios 2011.</subfield>
  </datafield>
  <datafield ind2="4" tag="650" ind1="1">
    <subfield code="a">MUJERES</subfield>
    <subfield code="9">55</subfield>
  </datafield>
  <datafield ind1="1" tag="650" ind2="4">
    <subfield code="a">RELATOS PERSONALES</subfield>
    <subfield code="9">422</subfield>
  </datafield>
  <datafield ind1=" " ind2=" " tag="942">
    <subfield code="2">z</subfield>
    <subfield code="c">01</subfield>
  </datafield>
  <datafield ind2=" " tag="999" ind1=" ">
    <subfield code="c">632</subfield>
    <subfield code="d">632</subfield>
  </datafield>
</record>